@inproceedings{moraru2013there,
  title={There is more consensus in egalitarian parliaments},
  author={Moraru, Iulian and Andersen, David G and Kaminsky, Michael},
  booktitle={Proceedings of the Twenty-Fourth ACM Symposium on Operating Systems Principles},
  pages={358--372},
  year={2013},
  organization={ACM}
}

@techreport{moraru2013proof,
  title={A proof of correctness for Egalitarian Paxos},
  author={Moraru, Iulian and Andersen, David G and Kaminsky, Michael},
  year={2013},
  institution={Technical report, Parallel Data Laboratory, Carnegie Mellon University}
}

@article{lamport2006fast,
  title={Fast paxos},
  author={Lamport, Leslie},
  journal={Distributed Computing},
  volume={19},
  number={2},
  pages={79--103},
  year={2006},
  publisher={Springer}
}

@article{lamport1998part,
    title={The part-time parliament},
    author={Lamport, Leslie},
    journal={ACM Transactions on Computer Systems (TOCS)},
    volume={16},
    number={2},
    pages={133--169},
    year={1998},
    publisher={ACM}
}

@inproceedings{ongaro2014search,
    title={In search of an understandable consensus algorithm.},
    author={Ongaro, Diego and Ousterhout, John K},
    booktitle={USENIX Annual Technical Conference},
    pages={305--319},
    year={2014}
}

@article{liskov2012viewstamped,
    title={Viewstamped replication revisited},
    author={Liskov, Barbara and Cowling, James},
    year={2012}
}
