% Paxos.
@article{lamport1998part,
  title={The part-time parliament},
  author={Lamport, Leslie},
  journal={ACM Transactions on Computer Systems (TOCS)},
  volume={16},
  number={2},
  pages={133--169},
  year={1998},
  publisher={ACM}
}

@article{lamport2001paxos,
  title={Paxos made simple},
  author={Lamport, Leslie and others},
  journal={ACM Sigact News},
  volume={32},
  number={4},
  pages={18--25},
  year={2001}
}

@article{van2015paxos,
  title={Paxos made moderately complex},
  author={Van Renesse, Robbert and Altinbuken, Deniz},
  journal={ACM Computing Surveys (CSUR)},
  volume={47},
  number={3},
  pages={42},
  year={2015},
  publisher={ACM}
}

@inproceedings{lampson2001abcd,
  title={The ABCD's of Paxos},
  author={Lampson, Butler},
  booktitle={PODC},
  volume={1},
  pages={13},
  year={2001}
}

@article{mazieres2007paxos,
  title={Paxos made practical},
  author={Mazieres, David},
  journal={Unpublished manuscript, Jan},
  year={2007}
}

% Fast Paxos.
@article{lamport2006fast,
  title={Fast paxos},
  author={Lamport, Leslie},
  journal={Distributed Computing},
  volume={19},
  number={2},
  pages={79--103},
  year={2006},
  publisher={Springer}
}

% Generalized Paxos.
@article{lamport2005generalized,
  title={Generalized consensus and Paxos},
  author={Lamport, Leslie},
  year={2005},
  publisher={Technical Report MSR-TR-2005-33, Microsoft Research}
}

@inproceedings{sutra2011fast,
  title={Fast genuine generalized consensus},
  author={Sutra, Pierre and Shapiro, Marc},
  booktitle={Reliable Distributed Systems (SRDS), 2011 30th IEEE Symposium on},
  pages={255--264},
  year={2011},
  organization={IEEE}
}

% EPaxos.
@inproceedings{moraru2013there,
  title={There is more consensus in egalitarian parliaments},
  author={Moraru, Iulian and Andersen, David G and Kaminsky, Michael},
  booktitle={Proceedings of the Twenty-Fourth ACM Symposium on Operating Systems Principles},
  pages={358--372},
  year={2013},
  organization={ACM}
}

@techreport{moraru2013proof,
  title={A proof of correctness for Egalitarian Paxos},
  author={Moraru, Iulian and Andersen, David G and Kaminsky, Michael},
  year={2013},
  institution={Technical report, Parallel Data Laboratory, Carnegie Mellon University}
}

% CAS-Paxos
@article{rystsov2018caspaxos,
  title={CASPaxos: Replicated State Machines without logs},
  author={Rystsov, Denis},
  journal={arXiv preprint arXiv:1802.07000},
  year={2018}
}

% Mencius.
@inproceedings{mao2008mencius,
  title={Mencius: building efficient replicated state machines for WANs},
  author={Mao, Yanhua and Junqueira, Flavio P and Marzullo, Keith},
  booktitle={8th $\{$USENIX$\}$ Symposium on Operating Systems Design and Implementation ($\{$OSDI$\}$ 08)},
  pages={369--384},
  year={2008}
}

% Caesar.
@inproceedings{arun2017speeding,
  title={Speeding up Consensus by Chasing Fast Decisions},
  author={Arun, Balaji and Peluso, Sebastiano and Palmieri, Roberto and Losa, Giuliano and Ravindran, Binoy},
  booktitle={Dependable Systems and Networks (DSN), 2017 47th Annual IEEE/IFIP International Conference on},
  pages={49--60},
  year={2017},
  organization={IEEE}
}

% Flexible Paxos.
% http://drops.dagstuhl.de/portals/extern/index.php?semnr=16031
@InProceedings{howard2016flexible,
  author ={Heidi Howard and Dahlia Malkhi and Alexander Spiegelman},
  title ={{Flexible Paxos: Quorum Intersection Revisited}},
  booktitle ={20th International Conference on Principles of Distributed Systems (OPODIS 2016)},
  pages ={25:1--25:14},
  series ={Leibniz International Proceedings in Informatics (LIPIcs)},
  ISBN ={978-3-95977-031-6},
  ISSN ={1868-8969},
  year ={2017},
  volume ={70},
  editor ={Panagiota Fatourou and Ernesto Jim{\'e}nez and Fernando Pedone},
  publisher ={Schloss Dagstuhl--Leibniz-Zentrum fuer Informatik},
  address ={Dagstuhl, Germany},
  URL ={http://drops.dagstuhl.de/opus/volltexte/2017/7094},
  URN ={urn:nbn:de:0030-drops-70947},
  doi ={10.4230/LIPIcs.OPODIS.2016.25},
  annote ={Keywords: Paxos, Distributed Consensus, Quorums}
}

% SpecPaxos
@inproceedings{ports2015designing,
  title={Designing Distributed Systems Using Approximate Synchrony in Data Center Networks.},
  author={Ports, Dan RK and Li, Jialin and Liu, Vincent and Sharma, Naveen Kr and Krishnamurthy, Arvind},
  booktitle={NSDI},
  pages={43--57},
  year={2015}
}

% S-Paxos
@inproceedings{biely2012s,
  title={S-paxos: Offloading the leader for high throughput state machine replication},
  author={Biely, Martin and Milosevic, Zarko and Santos, Nuno and Schiper, Andre},
  booktitle={Reliable Distributed Systems (SRDS), 2012 IEEE 31st Symposium on},
  pages={111--120},
  year={2012},
  organization={IEEE}
}

% Raft.
@inproceedings{ongaro2014search,
  title={In search of an understandable consensus algorithm.},
  author={Ongaro, Diego and Ousterhout, John K},
  booktitle={USENIX Annual Technical Conference},
  pages={305--319},
  year={2014}
}

% Viewstamped Replication.
@article{liskov2012viewstamped,
  title={Viewstamped replication revisited},
  author={Liskov, Barbara and Cowling, James},
  year={2012}
}

% Family of Leaderless Generalized Consensus Algorithms.
@inproceedings{losa2016brief,
  title={Brief announcement: A family of leaderless generalized-consensus algorithms},
  author={Losa, Giuliano and Peluso, Sebastiano and Ravindran, Binoy},
  booktitle={Proceedings of the 2016 ACM Symposium on Principles of Distributed Computing},
  pages={345--347},
  year={2016},
  organization={ACM}
}

% FLP Impossibility.
@article{fischer1982impossibility,
  author    = {Michael J. Fischer and
               Nancy A. Lynch and
               Mike Paterson},
  title     = {Impossibility of Distributed Consensus with One Faulty Process},
  journal   = {J. {ACM}},
  volume    = {32},
  number    = {2},
  pages     = {374--382},
  year      = {1985},
  url       = {http://doi.acm.org/10.1145/3149.214121},
  doi       = {10.1145/3149.214121},
  timestamp = {Thu, 26 Jan 2012 17:31:31 +0100},
  biburl    = {https://dblp.org/rec/bib/journals/jacm/FischerLP85},
  bibsource = {dblp computer science bibliography, https://dblp.org}
}

% Lower bounds on asynchronous consensus.
@article{lamport2006lower,
  title={Lower bounds for asynchronous consensus},
  author={Lamport, Leslie},
  journal={Distributed Computing},
  volume={19},
  number={2},
  pages={104--125},
  year={2006},
  publisher={Springer}
}

% Trace theory.
@incollection{mazurkiewicz1995introduction,
  title={Introduction to trace theory},
  author={Mazurkiewicz, Antoni},
  booktitle={The Book of Traces},
  pages={3--41},
  year={1995},
  publisher={World Scientific}
}

@incollection{mazurkiewicz1985semantics,
  title={Semantics of concurrent systems: a modular fixed-point trace approach},
  author={Mazurkiewicz, Antoni},
  booktitle={Advances in Petri Nets 1984},
  pages={353--375},
  year={1985},
  publisher={Springer}
}

% Industry use of Paxos.
@inproceedings{burrows2006chubby,
  title={The Chubby lock service for loosely-coupled distributed systems},
  author={Burrows, Mike},
  booktitle={Proceedings of the 7th symposium on Operating systems design and implementation},
  pages={335--350},
  year={2006},
  organization={USENIX Association}
}

@inproceedings{chandra2007paxos,
  title={Paxos made live: an engineering perspective},
  author={Chandra, Tushar D and Griesemer, Robert and Redstone, Joshua},
  booktitle={Proceedings of the twenty-sixth annual ACM symposium on Principles of distributed computing},
  pages={398--407},
  year={2007},
  organization={ACM}
}

@inproceedings{howard2021fast,
    title={Fast Flexible Paxos: Relaxing Quorum Intersection for Fast Paxos},
    author={Howard, Heidi and Charapko, Aleksey and Mortier, Richard},
    booktitle={International Conference on Distributed Computing and Networking 2021},
    pages={186--190},
    year={2021}
}

@inproceedings{enes2020state,
    title={State-machine replication for planet-scale systems},
    author={Enes, Vitor and Baquero, Carlos and Rezende, Tuanir Fran{\c{c}}a and Gotsman, Alexey and Perrin, Matthieu and Sutra, Pierre},
    booktitle={Proceedings of the Fifteenth European Conference on Computer Systems},
    pages={1--15},
    year={2020}
}

@inproceedings{thomson2012calvin,
    title={Calvin: fast distributed transactions for partitioned database systems},
    author={Thomson, Alexander and Diamond, Thaddeus and Weng, Shu-Chun and Ren, Kun and Shao, Philip and Abadi, Daniel J},
    booktitle={Proceedings of the 2012 ACM SIGMOD International Conference on Management of Data},
    pages={1--12},
    year={2012},
    organization={ACM}
}

@inproceedings{taft2020cockroachdb,
    author = {Taft, Rebecca and Sharif, Irfan and Matei, Andrei and VanBenschoten, Nathan and Lewis, Jordan and Grieger, Tobias and Niemi, Kai and Woods, Andy and Birzin, Anne and Poss, Raphael and Bardea, Paul and Ranade, Amruta and Darnell, Ben and Gruneir, Bram and Jaffray, Justin and Zhang, Lucy and Mattis, Peter},
    title = {CockroachDB: The Resilient Geo-Distributed SQL Database},
    booktitle = {Proceedings of the 2020 ACM SIGMOD International Conference on Management of Data},
    year = {2020},
    organization = {ACM},
    pages = {1493--1509},
}

@article{corbett2013spanner,
  title={Spanner: Google's globally distributed database},
  author={Corbett, James C and Dean, Jeffrey and Epstein, Michael and Fikes, Andrew and Frost, Christopher and Furman, Jeffrey John and Ghemawat, Sanjay and Gubarev, Andrey and Heiser, Christopher and Hochschild, Peter and others},
  journal={ACM Transactions on Computer Systems (TOCS)},
  volume={31},
  number={3},
  pages={8},
  year={2013},
  publisher={ACM}
}

@inproceedings{baker2011megastore,
  title={Megastore: Providing scalable, highly available storage for interactive services},
  author={Baker, Jason and Bond, Chris and Corbett, James C and Furman, JJ and Khorlin, Andrey and Larson, James and Leon, Jean-Michel and Li, Yawei and Lloyd, Alexander and Yushprakh, Vadim},
  booktitle={CIDR},
  volume={11},
  pages={223--234},
  year={2011}
}

@misc{tidb2019website,
    title = {A Brief Introduction of TiDB},
    howpublished = {\url{https://pingcap.github.io/blog/2017-05-23-perconalive17/}},
    note = {Accessed: 2019-10-21}
}

@misc{yugabyte2019website,
    title = {Raft Replication in YugaByte DB},
    howpublished = {\url{https://www.yugabyte.com/resources/raft-replication-in-yugabyte-db/}},
    note = {Accessed: 2019-10-21}
}

@article{sutra2020correctness,
    title={On the correctness of Egalitarian Paxos},
    author={Sutra, Pierre},
    journal={Information Processing Letters},
    volume={156},
    pages={105901},
    year={2020},
    publisher={Elsevier}
}

@article{chandra1996unreliable,
    title={Unreliable failure detectors for reliable distributed systems},
    author={Chandra, Tushar Deepak and Toueg, Sam},
    journal={Journal of the ACM (JACM)},
    volume={43},
    number={2},
    pages={225--267},
    year={1996},
    publisher={ACM New York, NY, USA}
}

% Read-optimized protocols.
@article{zhu2019harmonia,
    title={Harmonia: Near-linear scalability for replicated storage with in-network conflict detection},
    author={Zhu, Hang and Bai, Zhihao and Li, Jialin and Michael, Ellis and Ports, Dan RK and Stoica, Ion and Jin, Xin},
    journal={Proceedings of the VLDB Endowment},
    volume={13},
    number={3},
    pages={376--389},
    year={2019},
    publisher={VLDB Endowment}
}

@inproceedings{terrace2009object,
    title={Object Storage on CRAQ: High-Throughput Chain Replication for Read-Mostly Workloads.},
    author={Terrace, Jeff and Freedman, Michael J},
    booktitle={USENIX Annual Technical Conference},
    number={June},
    pages={1--16},
    year={2009},
    organization={San Diego, CA}
}

% NOPaxos
@inproceedings{li2016just,
  title={Just Say {NO} to Paxos Overhead: Replacing Consensus with Network Ordering},
  author={Li, Jialin and Michael, Ellis and Sharma, Naveen Kr and Szekeres, Adriana and Ports, Dan RK},
  booktitle={12th USENIX Symposium on Operating Systems Design and Implementation (OSDI 16)},
  pages={467--483},
  year={2016}
}

% CURP
@inproceedings{park2019exploiting,
  title={Exploiting commutativity for practical fast replication},
  author={Park, Seo Jin and Ousterhout, John},
  booktitle={16th USENIX Symposium on Networked Systems Design and Implementation (NSDI 19)},
  pages={47--64},
  year={2019}
}

@inproceedings{van2004chain,
    title={Chain Replication for Supporting High Throughput and Availability.},
    author={Van Renesse, Robbert and Schneider, Fred B},
    booktitle={OSDI},
    volume={4},
    number={91--104},
    year={2004}
}

% Scalog
@inproceedings{ding2020scalog,
    title={Scalog: Seamless Reconfiguration and Total Order in a Scalable Shared Log},
    author={Ding, Cong and Chu, David and Zhao, Evan and Li, Xiang and Alvisi, Lorenzo and van Renesse, Robbert},
    booktitle={17th {USENIX} Symposium on Networked Systems Design and Implementation ({NSDI} 20)},
    pages={325--338},
    year={2020}
}

@inproceedings{charapko2019linearizable,
    title={Linearizable quorum reads in Paxos},
    author={Charapko, Aleksey and Ailijiang, Ailidani and Demirbas, Murat},
    booktitle={11th USENIX Workshop on Hot Topics in Storage and File Systems (HotStorage 19)},
    year={2019}
}
