% Paxos.
@article{lamport1998part,
  title={The part-time parliament},
  author={Lamport, Leslie},
  journal={ACM Transactions on Computer Systems (TOCS)},
  volume={16},
  number={2},
  pages={133--169},
  year={1998},
  publisher={ACM}
}

@article{lamport2001paxos,
  title={Paxos made simple},
  author={Lamport, Leslie and others},
  journal={ACM Sigact News},
  volume={32},
  number={4},
  pages={18--25},
  year={2001}
}

@article{van2015paxos,
  title={Paxos made moderately complex},
  author={Van Renesse, Robbert and Altinbuken, Deniz},
  journal={ACM Computing Surveys (CSUR)},
  volume={47},
  number={3},
  pages={42},
  year={2015},
  publisher={ACM}
}

@inproceedings{lampson2001abcd,
  title={The ABCD's of Paxos},
  author={Lampson, Butler},
  booktitle={PODC},
  volume={1},
  pages={13},
  year={2001}
}

@article{mazieres2007paxos,
  title={Paxos made practical},
  author={Mazieres, David},
  journal={Unpublished manuscript, Jan},
  year={2007}
}

% Fast Paxos.
@article{lamport2006fast,
  title={Fast paxos},
  author={Lamport, Leslie},
  journal={Distributed Computing},
  volume={19},
  number={2},
  pages={79--103},
  year={2006},
  publisher={Springer}
}

% Generalized Paxos.
@article{lamport2005generalized,
  title={Generalized consensus and Paxos},
  author={Lamport, Leslie},
  year={2005},
  publisher={Technical Report MSR-TR-2005-33, Microsoft Research}
}

@inproceedings{sutra2011fast,
  title={Fast genuine generalized consensus},
  author={Sutra, Pierre and Shapiro, Marc},
  booktitle={Reliable Distributed Systems (SRDS), 2011 30th IEEE Symposium on},
  pages={255--264},
  year={2011},
  organization={IEEE}
}

% EPaxos.
@inproceedings{moraru2013there,
  title={There is more consensus in egalitarian parliaments},
  author={Moraru, Iulian and Andersen, David G and Kaminsky, Michael},
  booktitle={Proceedings of the Twenty-Fourth ACM Symposium on Operating Systems Principles},
  pages={358--372},
  year={2013},
  organization={ACM}
}

@techreport{moraru2013proof,
  title={A proof of correctness for Egalitarian Paxos},
  author={Moraru, Iulian and Andersen, David G and Kaminsky, Michael},
  year={2013},
  institution={Technical report, Parallel Data Laboratory, Carnegie Mellon University}
}

% CAS-Paxos
@article{rystsov2018caspaxos,
  title={CASPaxos: Replicated State Machines without logs},
  author={Rystsov, Denis},
  journal={arXiv preprint arXiv:1802.07000},
  year={2018}
}

% Mencius.
@inproceedings{mao2008mencius,
  title={Mencius: building efficient replicated state machines for WANs},
  author={Mao, Yanhua and Junqueira, Flavio P and Marzullo, Keith},
  booktitle={8th $\{$USENIX$\}$ Symposium on Operating Systems Design and Implementation ($\{$OSDI$\}$ 08)},
  pages={369--384},
  year={2008}
}

% Caesar.
@inproceedings{arun2017speeding,
  title={Speeding up Consensus by Chasing Fast Decisions},
  author={Arun, Balaji and Peluso, Sebastiano and Palmieri, Roberto and Losa, Giuliano and Ravindran, Binoy},
  booktitle={Dependable Systems and Networks (DSN), 2017 47th Annual IEEE/IFIP International Conference on},
  pages={49--60},
  year={2017},
  organization={IEEE}
}

% Flexible Paxos.
% http://drops.dagstuhl.de/portals/extern/index.php?semnr=16031
@InProceedings{howard2016flexible,
  author ={Heidi Howard and Dahlia Malkhi and Alexander Spiegelman},
  title ={{Flexible Paxos: Quorum Intersection Revisited}},
  booktitle ={20th International Conference on Principles of Distributed Systems (OPODIS 2016)},
  pages ={25:1--25:14},
  series ={Leibniz International Proceedings in Informatics (LIPIcs)},
  ISBN ={978-3-95977-031-6},
  ISSN ={1868-8969},
  year ={2017},
  volume ={70},
  editor ={Panagiota Fatourou and Ernesto Jim{\'e}nez and Fernando Pedone},
  publisher ={Schloss Dagstuhl--Leibniz-Zentrum fuer Informatik},
  address ={Dagstuhl, Germany},
  URL ={http://drops.dagstuhl.de/opus/volltexte/2017/7094},
  URN ={urn:nbn:de:0030-drops-70947},
  doi ={10.4230/LIPIcs.OPODIS.2016.25},
  annote ={Keywords: Paxos, Distributed Consensus, Quorums}
}

% S-Paxos
@inproceedings{biely2012s,
  title={S-paxos: Offloading the leader for high throughput state machine replication},
  author={Biely, Martin and Milosevic, Zarko and Santos, Nuno and Schiper, Andre},
  booktitle={Reliable Distributed Systems (SRDS), 2012 IEEE 31st Symposium on},
  pages={111--120},
  year={2012},
  organization={IEEE}
}

% Raft.
@inproceedings{ongaro2014search,
  title={In search of an understandable consensus algorithm.},
  author={Ongaro, Diego and Ousterhout, John K},
  booktitle={USENIX Annual Technical Conference},
  pages={305--319},
  year={2014}
}

% Viewstamped Replication.
@article{liskov2012viewstamped,
  title={Viewstamped replication revisited},
  author={Liskov, Barbara and Cowling, James},
  year={2012}
}

% FLP Impossibility.
@article{fischer1982impossibility,
  author    = {Michael J. Fischer and
               Nancy A. Lynch and
               Mike Paterson},
  title     = {Impossibility of Distributed Consensus with One Faulty Process},
  journal   = {J. {ACM}},
  volume    = {32},
  number    = {2},
  pages     = {374--382},
  year      = {1985},
  url       = {http://doi.acm.org/10.1145/3149.214121},
  doi       = {10.1145/3149.214121},
  timestamp = {Thu, 26 Jan 2012 17:31:31 +0100},
  biburl    = {https://dblp.org/rec/bib/journals/jacm/FischerLP85},
  bibsource = {dblp computer science bibliography, https://dblp.org}
}

% Lower bounds on asynchronous consensus.
@article{lamport2006lower,
  title={Lower bounds for asynchronous consensus},
  author={Lamport, Leslie},
  journal={Distributed Computing},
  volume={19},
  number={2},
  pages={104--125},
  year={2006},
  publisher={Springer}
}

% Trace theory.
@incollection{mazurkiewicz1995introduction,
  title={Introduction to trace theory},
  author={Mazurkiewicz, Antoni},
  booktitle={The Book of Traces},
  pages={3--41},
  year={1995},
  publisher={World Scientific}
}

@incollection{mazurkiewicz1985semantics,
  title={Semantics of concurrent systems: a modular fixed-point trace approach},
  author={Mazurkiewicz, Antoni},
  booktitle={Advances in Petri Nets 1984},
  pages={353--375},
  year={1985},
  publisher={Springer}
}

% Industry use of Paxos.
@inproceedings{burrows2006chubby,
  title={The Chubby lock service for loosely-coupled distributed systems},
  author={Burrows, Mike},
  booktitle={Proceedings of the 7th symposium on Operating systems design and implementation},
  pages={335--350},
  year={2006},
  organization={USENIX Association}
}

@inproceedings{chandra2007paxos,
  title={Paxos made live: an engineering perspective},
  author={Chandra, Tushar D and Griesemer, Robert and Redstone, Joshua},
  booktitle={Proceedings of the twenty-sixth annual ACM symposium on Principles of distributed computing},
  pages={398--407},
  year={2007},
  organization={ACM}
}

@inproceedings{baker2011megastore,
  title={Megastore: Providing scalable, highly available storage for interactive services.},
  author={Baker, Jason and Bond, Chris and Corbett, James C and Furman, JJ and Khorlin, Andrey and Larson, James and Leon, Jean-Michel and Li, Yawei and Lloyd, Alexander and Yushprakh, Vadim},
  booktitle={CIDR},
  volume={11},
  pages={223--234},
  year={2011}
}

@article{corbett2013spanner,
  title={Spanner: Googleâ€™s globally distributed database},
  author={Corbett, James C and Dean, Jeffrey and Epstein, Michael and Fikes, Andrew and Frost, Christopher and Furman, Jeffrey John and Ghemawat, Sanjay and Gubarev, Andrey and Heiser, Christopher and Hochschild, Peter and others},
  journal={ACM Transactions on Computer Systems (TOCS)},
  volume={31},
  number={3},
  pages={8},
  year={2013},
  publisher={ACM}
}
